% Please download the latest anthology.bib from
%
% http://aclweb.org/anthology/anthology.bib.gz

@inproceedings{rush-etal-2015-neural,
    title = "A Neural Attention Model for Abstractive Sentence Summarization",
    author = "Rush, Alexander M.  and
      Chopra, Sumit  and
      Weston, Jason",
    booktitle = "Proceedings of the 2015 Conference on Empirical Methods in Natural Language Processing",
    month = sep,
    year = "2015",
    address = "Lisbon, Portugal",
    publisher = "Association for Computational Linguistics",
    url = "https://aclanthology.org/D15-1044",
    doi = "10.18653/v1/D15-1044",
    pages = "379--389",
}
@inproceedings{cheng-lapata-2016-neural,
    title = "Neural Summarization by Extracting Sentences and Words",
    author = "Cheng, Jianpeng  and
      Lapata, Mirella",
    booktitle = "Proceedings of the 54th Annual Meeting of the Association for Computational Linguistics (Volume 1: Long Papers)",
    month = aug,
    year = "2016",
    address = "Berlin, Germany",
    publisher = "Association for Computational Linguistics",
    url = "https://aclanthology.org/P16-1046",
    doi = "10.18653/v1/P16-1046",
    pages = "484--494",
}

@article{liu2018generating,
  title={Generating wikipedia by summarizing long sequences},
  author={Liu, Peter J and Saleh, Mohammad and Pot, Etienne and Goodrich, Ben and Sepassi, Ryan and Kaiser, Lukasz and Shazeer, Noam},
  journal={arXiv preprint arXiv:1801.10198},
  url = {https://arxiv.org/pdf/1801.10198},
  year={2018}
 }
 
@inproceedings{pecar-2018-towards,
    title = "Towards Opinion Summarization of Customer Reviews",
    author = "Pecar, Samuel",
    booktitle = "Proceedings of {ACL} 2018, Student Research Workshop",
    month = jul,
    year = "2018",
    address = "Melbourne, Australia",
    publisher = "Association for Computational Linguistics",
    url = "https://aclanthology.org/P18-3001",
    doi = "10.18653/v1/P18-3001",
    pages = "1--8",
}

@inproceedings{amplayo-lapata-2021-informative,
    title = "Informative and Controllable Opinion Summarization",
    author = "Amplayo, Reinald Kim  and
      Lapata, Mirella",
    booktitle = "Proceedings of the 16th Conference of the European Chapter of the Association for Computational Linguistics: Main Volume",
    month = apr,
    year = "2021",
    address = "Online",
    publisher = "Association for Computational Linguistics",
    url = "https://aclanthology.org/2021.eacl-main.229",
    pages = "2662--2672",
}

@article{isonuma2021unsupervised,
  title={Unsupervised Abstractive Opinion Summarization by Generating Sentences with Tree-Structured Topic Guidance},
  author={Isonuma, Masaru and Mori, Junichiro and Bollegala, Danushka and Sakata, Ichiro},
  journal={arXiv preprint arXiv:2106.08007},
  year={2021},
  url = "https://arxiv.org/pdf/2106.08007",
}

@article{devlin2018bert,
  title={Bert: Pre-training of deep bidirectional transformers for language understanding},
  author={Devlin, Jacob and Chang, Ming-Wei and Lee, Kenton and Toutanova, Kristina},
  journal={arXiv preprint arXiv:1810.04805},
  url = "https://arxiv.org/pdf/1810.04805.pdf&usg=ALkJrhhzxlCL6yTht2BRmH9atgvKFxHsxQ",  
  year={2018}
}

@article{liu2019roberta,
  title={Roberta: A robustly optimized bert pretraining approach},
  author={Liu, Yinhan and Ott, Myle and Goyal, Naman and Du, Jingfei and Joshi, Mandar and Chen, Danqi and Levy, Omer and Lewis, Mike and Zettlemoyer, Luke and Stoyanov, Veselin},
  journal={arXiv preprint arXiv:1907.11692},
  year={2019},
   url = "https://arxiv.org/pdf/1907.11692",   
}

@article{lan2019albert,
  title={ALBERT: A Lite BERT for Self-supervised Learning of Language Representations},
  author={Lan, Zhenzhong and Chen, Mingda and Goodman, Sebastian and Gimpel, Kevin and Sharma, Piyush and Soricut, Radu},
  journal={arXiv preprint arXiv:1909.11942},
     url = "https://arxiv.org/pdf/1909.11942.pdf?fbclid=IwAR1gWlaWokv7Ys5JNkTgQ3Hw-wdvwv9J5zkYE1-N0lHbqiAOlvJTfhaKuDg",   
  year={2019}
}

@article{lawrence-reed-2019-argument,
    title = "Argument Mining: A Survey",
    author = "Lawrence, John  and
      Reed, Chris",
    journal = "Computational Linguistics",
    volume = "45",
    number = "4",
    month = dec,
    year = "2019",
    url = "https://aclanthology.org/J19-4006",
    doi = "10.1162/coli_a_00364",
    pages = "765--818",
}

@article{fabbri2021convosumm,
  title={ConvoSumm: Conversation Summarization Benchmark and Improved Abstractive Summarization with Argument Mining},
  author={Fabbri, Alexander R and Rahman, Faiaz and Rizvi, Imad and Wang, Borui and Li, Haoran and Mehdad, Yashar and Radev, Dragomir},
  journal={arXiv preprint arXiv:2106.00829},
  year={2021},
 url = "https://arxiv.org/pdf/2106.00829", 
}

@article{abels2021focusing,
  title={Focusing knowledge-based graph argument mining via topic modeling},
  author={Abels, Patrick and Ahmadi, Zahra and Burkhardt, Sophie and Schiller, Benjamin and Gurevych, Iryna and Kramer, Stefan},
  journal={arXiv preprint arXiv:2102.02086},
  year={2021},
  url = "https://arxiv.org/pdf/2102.02086",  
}


@inproceedings{bar-haim-etal-2020-arguments,
    title = "From Arguments to Key Points: Towards Automatic Argument Summarization",
    author = "Bar-Haim, Roy  and
      Eden, Lilach  and
      Friedman, Roni  and
      Kantor, Yoav  and
      Lahav, Dan  and
      Slonim, Noam",
    booktitle = "Proceedings of the 58th Annual Meeting of the Association for Computational Linguistics",
    month = jul,
    year = "2020",
    address = "Online",
    publisher = "Association for Computational Linguistics",
    url = "https://aclanthology.org/2020.acl-main.371",
    doi = "10.18653/v1/2020.acl-main.371",
    pages = "4029--4039",
}

@inproceedings{bar-haim-etal-2020-quantitative,
    title = "Quantitative argument summarization and beyond: Cross-domain key point analysis",
    author = "Bar-Haim, Roy  and
      Kantor, Yoav  and
      Eden, Lilach  and
      Friedman, Roni  and
      Lahav, Dan  and
      Slonim, Noam",
    booktitle = "Proceedings of the 2020 Conference on Empirical Methods in Natural Language Processing (EMNLP)",
    month = nov,
    year = "2020",
    address = "Online",
    publisher = "Association for Computational Linguistics",
    url = "https://aclanthology.org/2020.emnlp-main.3",
    doi = "10.18653/v1/2020.emnlp-main.3",
    pages = "39--49",
}

@inproceedings{fabbri-etal-2019-multi,
    title = "Multi-News: A Large-Scale Multi-Document Summarization Dataset and Abstractive Hierarchical Model",
    author = "Fabbri, Alexander  and
      Li, Irene  and
      She, Tianwei  and
      Li, Suyi  and
      Radev, Dragomir",
    booktitle = "Proceedings of the 57th Annual Meeting of the Association for Computational Linguistics",
    month = jul,
    year = "2019",
    address = "Florence, Italy",
    publisher = "Association for Computational Linguistics",
    url = "https://aclanthology.org/P19-1102",
    doi = "10.18653/v1/P19-1102",
    pages = "1074--1084",
}

@inproceedings{liu-lapata-2019-hierarchical,
    title = "Hierarchical Transformers for Multi-Document Summarization",
    author = "Liu, Yang  and
      Lapata, Mirella",
    booktitle = "Proceedings of the 57th Annual Meeting of the Association for Computational Linguistics",
    month = jul,
    year = "2019",
    address = "Florence, Italy",
    publisher = "Association for Computational Linguistics",
    url = "https://aclanthology.org/P19-1500",
    doi = "10.18653/v1/P19-1500",
    pages = "5070--5081",
}

@inproceedings{angelidis-lapata-2018-summarizing,
    title = "Summarizing Opinions: Aspect Extraction Meets Sentiment Prediction and They Are Both Weakly Supervised",
    author = "Angelidis, Stefanos  and
      Lapata, Mirella",
    booktitle = "Proceedings of the 2018 Conference on Empirical Methods in Natural Language Processing",
    month = oct # "-" # nov,
    year = "2018",
    address = "Brussels, Belgium",
    publisher = "Association for Computational Linguistics",
    url = "https://aclanthology.org/D18-1403",
    doi = "10.18653/v1/D18-1403",
    pages = "3675--3686",
}

@article{brazinskas2019unsupervised,
  title={Unsupervised multi-document opinion summarization as copycat-review generation},
  author={Brazinskas, Arthur and Lapata, Mirella and Titov, Ivan},
  journal={arXiv preprint arXiv:1911.02247},
  url = "https://arxiv.org/pdf/1911.02247",  
  year={2019}
}

@inproceedings{ganesan-etal-2010-opinosis,
    title = "{O}pinosis: A Graph Based Approach to Abstractive Summarization of Highly Redundant Opinions",
    author = "Ganesan, Kavita  and
      Zhai, ChengXiang  and
      Han, Jiawei",
    booktitle = "Proceedings of the 23rd International Conference on Computational Linguistics (Coling 2010)",
    month = aug,
    year = "2010",
    address = "Beijing, China",
    publisher = "Coling 2010 Organizing Committee",
    url = "https://aclanthology.org/C10-1039",
    pages = "340--348",
}

@inproceedings{reimers-gurevych-2019-sentence,
    title = "Sentence-{BERT}: Sentence Embeddings using {S}iamese {BERT}-Networks",
    author = "Reimers, Nils  and
      Gurevych, Iryna",
    booktitle = "Proceedings of the 2019 Conference on Empirical Methods in Natural Language Processing and the 9th International Joint Conference on Natural Language Processing (EMNLP-IJCNLP)",
    month = nov,
    year = "2019",
    address = "Hong Kong, China",
    publisher = "Association for Computational Linguistics",
    url = "https://aclanthology.org/D19-1410",
    doi = "10.18653/v1/D19-1410",
    pages = "3982--3992",
}

@article{cer2018universal,
  title={Universal sentence encoder},
  author={Cer, Daniel and Yang, Yinfei and Kong, Sheng-yi and Hua, Nan and Limtiaco, Nicole and John, Rhomni St and Constant, Noah and Guajardo-C{\'e}spedes, Mario and Yuan, Steve and Tar, Chris and others},
  journal={arXiv preprint arXiv:1803.11175},
  url = "https://arxiv.org/abs/1803.11175",  
  year={2018}
}

@article{yan2021consert,
  title={ConSERT: A Contrastive Framework for Self-Supervised Sentence Representation Transfer},
  author={Yan, Yuanmeng and Li, Rumei and Wang, Sirui and Zhang, Fuzheng and Wu, Wei and Xu, Weiran},
  journal={arXiv preprint arXiv:2105.11741},
  url = "https://arxiv.org/pdf/2105.11741",    
  year={2021}
}

@inproceedings{zhang2021refining,
  title={Refining Pseudo Labels with Clustering Consensus over Generations for Unsupervised Object Re-identification},
  author={Zhang, Xiao and Ge, Yixiao and Qiao, Yu and Li, Hongsheng},
  booktitle={Proceedings of the IEEE/CVF Conference on Computer Vision and Pattern Recognition},
  url = "https://openaccess.thecvf.com/content/CVPR2021/papers/Zhang_Refining_Pseudo_Labels_With_Clustering_Consensus_Over_Generations_for_Unsupervised_CVPR_2021_paper.pdf",   
  pages={3436--3445},
  year={2021}
}

@article{ge2020mutual,
  title={Mutual mean-teaching: Pseudo label refinery for unsupervised domain adaptation on person re-identification},
  author={Ge, Yixiao and Chen, Dapeng and Li, Hongsheng},
  url = "https://arxiv.org/pdf/2001.01526",   
  journal={arXiv preprint arXiv:2001.01526},
  year={2020}
}

@article{arora2019theoretical,
  title={A theoretical analysis of contrastive unsupervised representation learning},
  author={Arora, Sanjeev and Khandeparkar, Hrishikesh and Khodak, Mikhail and Plevrakis, Orestis and Saunshi, Nikunj},
    url = "https://arxiv.org/pdf/1902.09229",  
  journal={arXiv preprint arXiv:1902.09229},
  year={2019}
}

@article{gao2021simcse,
  title={SimCSE: Simple Contrastive Learning of Sentence Embeddings},
  author={Gao, Tianyu and Yao, Xingcheng and Chen, Danqi},
  url = "https://arxiv.org/pdf/2104.08821",  
  journal={arXiv preprint arXiv:2104.08821},
  year={2021}
}

@inproceedings{pennington-etal-2014-glove,
    title = "{G}lo{V}e: Global Vectors for Word Representation",
    author = "Pennington, Jeffrey  and
      Socher, Richard  and
      Manning, Christopher",
    booktitle = "Proceedings of the 2014 Conference on Empirical Methods in Natural Language Processing ({EMNLP})",
    month = oct,
    year = "2014",
    address = "Doha, Qatar",
    publisher = "Association for Computational Linguistics",
    url = "https://aclanthology.org/D14-1162",
    doi = "10.3115/v1/D14-1162",
    pages = "1532--1543",
}

@article{bojanowski2017enriching,
  title={Enriching word vectors with subword information},
  author={Bojanowski, Piotr and Grave, Edouard and Joulin, Armand and Mikolov, Tomas},
  journal={Transactions of the Association for Computational Linguistics},
  volume={5},
  pages={135--146},
  year={2017},
  url = "https://arxiv.org/pdf/1607.04606.pdf",
  publisher={MIT Press}
}

@inproceedings{conneau-etal-2017-supervised,
    title = "Supervised Learning of Universal Sentence Representations from Natural Language Inference Data",
    author = {Conneau, Alexis  and
      Kiela, Douwe  and
      Schwenk, Holger  and
      Barrault, Lo{\"\i}c  and
      Bordes, Antoine},
    booktitle = "Proceedings of the 2017 Conference on Empirical Methods in Natural Language Processing",
    month = sep,
    year = "2017",
    address = "Copenhagen, Denmark",
    publisher = "Association for Computational Linguistics",
    url = "https://aclanthology.org/D17-1070",
    doi = "10.18653/v1/D17-1070",
    pages = "670--680",
}

@article{liao2021sentence,
  title={Sentence Embeddings using Supervised Contrastive Learning},
  author={Liao, Danqi},
  journal={arXiv preprint arXiv:2106.04791},
  url = "https://arxiv.org/pdf/2106.04791.pdf",
  year={2021}
}
@inproceedings{zhong-etal-2020-extractive,
    title = "Extractive Summarization as Text Matching",
    author = "Zhong, Ming  and
      Liu, Pengfei  and
      Chen, Yiran  and
      Wang, Danqing  and
      Qiu, Xipeng  and
      Huang, Xuanjing",
    booktitle = "Proceedings of the 58th Annual Meeting of the Association for Computational Linguistics",
    month = jul,
    year = "2020",
    address = "Online",
    publisher = "Association for Computational Linguistics",
    url = "https://aclanthology.org/2020.acl-main.552",
    doi = "10.18653/v1/2020.acl-main.552",
    pages = "6197--6208",
}

@inproceedings{yang-etal-2015-wikiqa,
    title = "{W}iki{QA}: A Challenge Dataset for Open-Domain Question Answering",
    author = "Yang, Yi  and
      Yih, Wen-tau  and
      Meek, Christopher",
    booktitle = "Proceedings of the 2015 Conference on Empirical Methods in Natural Language Processing",
    month = sep,
    year = "2015",
    address = "Lisbon, Portugal",
    publisher = "Association for Computational Linguistics",
    url = "https://aclanthology.org/D15-1237",
    doi = "10.18653/v1/D15-1237",
    pages = "2013--2018",
}

@inproceedings{guo2016deep,
  title={A deep relevance matching model for ad-hoc retrieval},
  author={Guo, Jiafeng and Fan, Yixing and Ai, Qingyao and Croft, W Bruce},
  booktitle={Proceedings of the 25th ACM international on conference on information and knowledge management},
  pages={55--64},
  url = "https://arxiv.org/pdf/1711.08611",
  year={2016}
}

@inproceedings{huang2013learning,
  title={Learning deep structured semantic models for web search using clickthrough data},
  author={Huang, Po-Sen and He, Xiaodong and Gao, Jianfeng and Deng, Li and Acero, Alex and Heck, Larry},
  booktitle={Proceedings of the 22nd ACM international conference on Information \& Knowledge Management},
  pages={2333--2338},
  url = "https://www.microsoft.com/en-us/research/wp-content/uploads/2016/02/cikm2013_DSSM_fullversion.pdf",
  year={2013}
}

@inproceedings{jiang2019semantic,
  title={Semantic text matching for long-form documents},
  author={Jiang, Jyun-Yu and Zhang, Mingyang and Li, Cheng and Bendersky, Michael and Golbandi, Nadav and Najork, Marc},
  booktitle={The World Wide Web Conference},
  pages={795--806},
  url = "https://research.google/pubs/pub47856.pdf",
  year={2019}
}

@inproceedings{yang2020beyond,
  title={Beyond 512 tokens: Siamese multi-depth transformer-based hierarchical encoder for long-form document matching},
  author={Yang, Liu and Zhang, Mingyang and Li, Cheng and Bendersky, Michael and Najork, Marc},
  booktitle={Proceedings of the 29th ACM International Conference on Information \& Knowledge Management},
  url = "https://dl.acm.org/doi/pdf/10.1145/3340531.3411908",
  pages={1725--1734},
  year={2020}
}

@inproceedings{sun2019fine,
  title={How to fine-tune bert for text classification?},
  author={Sun, Chi and Qiu, Xipeng and Xu, Yige and Huang, Xuanjing},
  booktitle={China National Conference on Chinese Computational Linguistics},
  pages={194--206},
  url = "https://arxiv.org/pdf/1905.05583",
  year={2019},
  organization={Springer}
}

@inproceedings{chopra2005learning,
  title={Learning a similarity metric discriminatively, with application to face verification},
  author={Chopra, Sumit and Hadsell, Raia and LeCun, Yann},
  booktitle={2005 IEEE Computer Society Conference on Computer Vision and Pattern Recognition (CVPR'05)},
  volume={1},
url = "http://www.cs.utoronto.ca/~hinton/csc2535_06/readings/chopra-05.pdf",
  pages={539--546},
  year={2005},
  organization={IEEE}
}

@inproceedings{dong2018triplet,
  title={Triplet loss in siamese network for object tracking},
  author={Dong, Xingping and Shen, Jianbing},
  booktitle={Proceedings of the European conference on computer vision (ECCV)},
  url = "https://openaccess.thecvf.com/content_ECCV_2018/papers/Xingping_Dong_Triplet_Loss_with_ECCV_2018_paper.pdf",
  pages={459--474},
  year={2018}
}

@inproceedings{yu2019deep,
  title={Deep metric learning with tuplet margin loss},
  author={Yu, Baosheng and Tao, Dacheng},
  booktitle={Proceedings of the IEEE/CVF International Conference on Computer Vision},
url = "http://openaccess.thecvf.com/content_ICCV_2019/papers/Yu_Deep_Metric_Learning_With_Tuplet_Margin_Loss_ICCV_2019_paper.pdf",   
  pages={6490--6499},
  year={2019}
}

@inproceedings{ioffe2015batch,
  title={Batch normalization: Accelerating deep network training by reducing internal covariate shift},
  author={Ioffe, Sergey and Szegedy, Christian},
  booktitle={International conference on machine learning},
  pages={448--456},
  year={2015},
  url = "http://proceedings.mlr.press/v37/ioffe15.pdf",
  organization={PMLR}
}

@inproceedings{wang2019multi,
  title={Multi-similarity loss with general pair weighting for deep metric learning},
  author={Wang, Xun and Han, Xintong and Huang, Weilin and Dong, Dengke and Scott, Matthew R},
  booktitle={Proceedings of the IEEE/CVF Conference on Computer Vision and Pattern Recognition},
  url = "https://openaccess.thecvf.com/content_CVPR_2019/papers/Wang_Multi-Similarity_Loss_With_General_Pair_Weighting_for_Deep_Metric_Learning_CVPR_2019_paper.pdf",
  pages={5022--5030},
  year={2019}
}

@article{yamada2020luke,
  title={Luke: deep contextualized entity representations with entity-aware self-attention},
  author={Yamada, Ikuya and Asai, Akari and Shindo, Hiroyuki and Takeda, Hideaki and Matsumoto, Yuji},
    url = "https://arxiv.org/pdf/2010.01057",
  journal={arXiv preprint arXiv:2010.01057},
  year={2020}
}

@article{sanh2019distilbert,
  title={DistilBERT, a distilled version of BERT: smaller, faster, cheaper and lighter},
  author={Sanh, Victor and Debut, Lysandre and Chaumond, Julien and Wolf, Thomas},
url = "https://arxiv.org/pdf/1910.01108",
  journal={arXiv preprint arXiv:1910.01108},
  year={2019}
}

@article{song2020mpnet,
  title={Mpnet: Masked and permuted pre-training for language understanding},
  author={Song, Kaitao and Tan, Xu and Qin, Tao and Lu, Jianfeng and Liu, Tie-Yan},
  journal={arXiv preprint arXiv:2004.09297},
  url = "https://arxiv.org/pdf/2004.09297",
  year={2020}
}

@inproceedings{kpa-2021-overview,
title = "Overview of KPA-2021 shared task: Key point based quantitative summarization",
    author = "Friedman, Roni  and
      Dankin, Lena  and
	 Katz, Yoav and
      Hou, Yufang  and
      Slonim, Noam",
    booktitle = "Proceedings of the 8th Workshop on Argumentation Mining",
    month = nov,
    year = "2021",
    publisher = "Association for Computational Linguistics",
}

@inproceedings{wu2017sampling,
  title={Sampling matters in deep embedding learning},
  author={Wu, Chao-Yuan and Manmatha, R and Smola, Alexander J and Krahenbuhl, Philipp},
  booktitle={Proceedings of the IEEE International Conference on Computer Vision},
  pages={2840--2848},
url = "http://openaccess.thecvf.com/content_ICCV_2017/papers/Wu_Sampling_Matters_in_ICCV_2017_paper.pdf",
  year={2017}
}

@article{hermans2017defense,
  title={In defense of the triplet loss for person re-identification},
  author={Hermans, Alexander and Beyer, Lucas and Leibe, Bastian},
  journal={arXiv preprint arXiv:1703.07737},
    url = "https://arxiv.org/pdf/1703.07737",
  year={2017}
}